@book{latexcompanion,
    author        = {Michel Goossens and Frank Mittelbach and Alexander Samarin},
    title         = {The \LaTeX\ Companion},
    year          = {1993},
    publisher     = {Addison-Wesley},
    location      = {Reading, Massachusetts}
}

@article{Belytschko:meshless_overview,
    author = {T. Belytschko and Y. Krongauz and D. Organ and M. Fleming and P. Krysl.},
	title = {Meshless methods: An overview and recent developments},
	journaltitle = {Computer Methods in Applied Mechanics and Engineering},
	date = {1996}
}

@article{Chen:meshless_overview_after_20_years,
	author = {Jiun-Shyan Chen, Michael Hillman and Sheng-Wei Chi},
	title = {Meshfree Methods: Progress Made after 20 Years},
	journaltitle = {Journal of Engineering Mechanics},
	date = {2017}
}

@article{Liu:RKPM,
	author = {W. K. Liu, S. Jun and Y. F. Zhang},
	title = {Reproducing kernel particle methods},
	journaltitle = {International Journal for Numerical Methods in Fluids},
	date = {1996}
}

@article{Lancaster:MLS,
	author = {P. Lancaster and K. Salkauskas},
	title = {Surfaces Generated by Moving Least Squares Methods},
	journaltitle = {Mathematics of Computation},
	date = {1981}
}

@article{Kansa:RBF_1,
	author = {E. J. Kansa},
	title = {Multiquadrics—A scattered data approximation scheme with applications to computational fluid-dynamics—I surface approximations and partial derivative estimates},
	journaltitle = {Computers \& Mathematics with Applications},
	date = {1990}
}

@article{Kansa:RBF_2,
	author = {E. J. Kansa},
	title = {Multiquadrics—A scattered data approximation scheme with applications to computational fluid-dynamics—II solutions to parabolic, hyperbolic and elliptic partial differential equations},
	journaltitle = {Computers \& Mathematics with Applications},
	date = {1990}
}

@book{Schweitzer:PU,
	author = {M. A. Schweitzer},
	title = {Partition of Unity Method},
	date = {2003},
	series = {Lecture Notes in Computational Science and Engineering},
	url = {https://doi.org/10.1007/978-3-642-59325-3_2}
}

@thesis{Zamolo:RBF-FD_method,
	author = {R. Zamolo},
	title = {Radial Basis Function-Finite Difference Meshless Methods for CFD Problems},
	type = {phdthesis},
	institution = {Università degli studi di Trieste},
	date = {2018}
}